<record><leader>00000cas a2200000 a 4500</leader><controlfield tag="001">13764518</controlfield><controlfield tag="008">860623d19021905okuwr ne      0    0eng d</controlfield><datafield ind1=" " ind2=" " tag="010"><subfield code="a">sn 86064149 </subfield></datafield><datafield ind1=" " ind2=" " tag="040"><subfield code="a">KSH</subfield><subfield code="b">eng</subfield><subfield code="c">KSH</subfield><subfield code="d">NPT</subfield><subfield code="d">PPM</subfield><subfield code="d">ANU</subfield><subfield code="d">OBN</subfield><subfield code="d">OCL</subfield><subfield code="d">OCLCQ</subfield><subfield code="d">DLC</subfield><subfield code="d">OCLCF</subfield><subfield code="d">OCLCO</subfield></datafield><datafield ind1="1" ind2=" " tag="029"><subfield code="a">AU@</subfield><subfield code="b">000022169806</subfield></datafield><datafield ind1=" " ind2=" " tag="042"><subfield code="a">msc</subfield></datafield><datafield ind1="0" ind2="4" tag="245"><subfield code="a">The Vinita weekly chieftain.</subfield></datafield><datafield ind1=" " ind2=" " tag="260"><subfield code="a">Vinita, Indian Territory [Okla.] :</subfield><subfield code="b">D.M. Marrs</subfield></datafield><datafield ind1=" " ind2=" " tag="300"><subfield code="a">v.</subfield></datafield><datafield ind1=" " ind2=" " tag="310"><subfield code="a">Weekly</subfield></datafield><datafield ind1="0" ind2=" " tag="362"><subfield code="a">Vol. 21, no. 18 (Dec. 25, 1902)-v. 23, no. 17 (Aug. 31, 1905).</subfield></datafield><datafield ind1=" " ind2="0" tag="651"><subfield code="a">Vinita (Okla.)</subfield><subfield code="v">Newspapers.</subfield></datafield><datafield ind1=" " ind2="0" tag="651"><subfield code="a">Craig County (Okla.)</subfield><subfield code="v">Newspapers.</subfield></datafield><datafield ind1=" " ind2="0" tag="651"><subfield code="a">Indian Territory</subfield><subfield code="v">Newspapers.</subfield></datafield><datafield ind1=" " ind2="7" tag="655"><subfield code="a">Newspapers.</subfield><subfield code="2">fast</subfield><subfield code="0">(OCoLC)fst01423814</subfield></datafield><datafield ind1=" " ind2="7" tag="651"><subfield code="a">Oklahoma</subfield><subfield code="z">Craig County.</subfield><subfield code="2">fast</subfield><subfield code="0">(OCoLC)fst01207172</subfield></datafield><datafield ind1=" " ind2="7" tag="651"><subfield code="a">Oklahoma</subfield><subfield code="z">Indian Territory.</subfield><subfield code="2">fast</subfield><subfield code="0">(OCoLC)fst01225150</subfield></datafield><datafield ind1=" " ind2="7" tag="651"><subfield code="a">Oklahoma</subfield><subfield code="z">Vinita.</subfield><subfield code="2">fast</subfield><subfield code="0">(OCoLC)fst01220562</subfield></datafield><datafield ind1=" " ind2=" " tag="752"><subfield code="a">United States</subfield><subfield code="b">Oklahoma</subfield><subfield code="c">Craig</subfield><subfield code="d">Vinita.</subfield></datafield><datafield ind1="0" ind2=" " tag="775"><subfield code="t">Vinita daily chieftain</subfield><subfield code="w">(DLC)sn 83025020</subfield><subfield code="w">(OCoLC)9216823</subfield></datafield><datafield ind1="0" ind2="0" tag="780"><subfield code="t">Indian chieftain</subfield><subfield code="x">2158-8910</subfield><subfield code="w">(DLC)sn 83025010</subfield><subfield code="w">(OCoLC)9216437</subfield></datafield><datafield ind1="0" ind2="0" tag="785"><subfield code="t">Weekly chieftain</subfield><subfield code="w">(DLC)sn 95054119</subfield><subfield code="w">(OCoLC)13622373</subfield></datafield></record>